<?xml version="1.0" encoding="UTF-8" ?>
<collection xmlns:xsi="http://www.w3.org/2001/XMLSchema-instance"
    xsi:schemaLocation="http://www.loc.gov/MARC21/slim
        http://www.loc.gov/standards/marcxml/schema/MARC21slim.xsd"
    xmlns="http://www.loc.gov/MARC21/slim">
<record>
  <leader>00293cam a2200577 i 4500</leader>
  <controlfield tag="001">b1237670x</controlfield>
  <controlfield tag="003">LeBAU</controlfield>
  <controlfield tag="005">20171108 </controlfield>
  <controlfield tag="008">970303s1934    le       b    ||1 0 ara d</controlfield>
  <datafield tag="035" ind1=" " ind2=" ">
    <subfield code="a">ocn784289270</subfield>
  </datafield>
  <datafield tag="037" ind1=" " ind2=" ">
    <subfield code="b">Library</subfield>
    <subfield code="z">30975</subfield>
  </datafield>
  <datafield tag="040" ind1=" " ind2=" ">
    <subfield code="a">LEAUB</subfield>
    <subfield code="b">ara</subfield>
    <subfield code="e">rda</subfield>
    <subfield code="c">LEAUB</subfield>
    <subfield code="d">LEAUB</subfield>
  </datafield>
  <datafield tag="041" ind1="0" ind2=" ">
    <subfield code="a">ara</subfield>
    <subfield code="b">eng</subfield>
  </datafield>
  <datafield tag="082" ind1="0" ind2="4">
    <subfield code="a">299.157</subfield>
    <subfield code="2">22</subfield>
  </datafield>
  <datafield tag="100" ind1="1" ind2=" ">
    <subfield code="6">880-01</subfield>
    <subfield code="a">Chūl, Ismāʻīl,</subfield>
    <subfield code="d">-1933,</subfield>
    <subfield code="e">author.</subfield>
  </datafield>
  <datafield tag="245" ind1="1" ind2="0">
    <subfield code="6">880-02</subfield>
    <subfield code="a">al-Yazīdīyah qadīman wa-ḥadīthan :</subfield>
    <subfield code="b">wa-hiya thalāthat fuṣūl fī muʻtaqadāt al-Yazīdīyah wa-ʻādātihim wa-baʻḍ ḥawādith tārīkhihim wa-sīrat aḥad umarāʼihim al-muʻāṣirīn /</subfield>
    <subfield code="c">li-Ismāʻīl Bik Shūl, Amīr al-Yazīdīyah fī Sinjār ; ʻuniya bi-nashrihā wa-iʻdād ḥawāshīhā wa-waḍʻ muqaddimatahā wa-fahārisahā al-Duktūr Qusṭanṭīn Zurayq, aḥad asātidhat al-tārīkh al-sharqī fī Jāmi‘at Bayrūt al-Amīrikīyah.</subfield>
  </datafield>
  <datafield tag="246" ind1="1" ind2="5">
    <subfield code="a">Yazīdīs past and present :</subfield>
    <subfield code="b">being three original texts about Yazîdî doctrines, customs, and some events of their history, with an autobiography of one of their contemporary amirs</subfield>
  </datafield>
  <datafield tag="264" ind1=" " ind2="1">
    <subfield code="6">880-03</subfield>
    <subfield code="a">Bayrūt :</subfield>
    <subfield code="b">al-Maṭba‘ah al-Amīrikānīyah,</subfield>
    <subfield code="c">1934.</subfield>
  </datafield>
  <datafield tag="300" ind1=" " ind2=" ">
    <subfield code="6">880-04</subfield>
    <subfield code="a">ḥ-t, 134 pages ;</subfield>
    <subfield code="c">24 cm.</subfield>
  </datafield>
  <datafield tag="336" ind1=" " ind2=" ">
    <subfield code="a">text</subfield>
    <subfield code="b">txt</subfield>
    <subfield code="2">rdacontent</subfield>
  </datafield>
  <datafield tag="337" ind1=" " ind2=" ">
    <subfield code="a">unmediated</subfield>
    <subfield code="b">n</subfield>
    <subfield code="2">rdamedia</subfield>
  </datafield>
  <datafield tag="338" ind1=" " ind2=" ">
    <subfield code="a">volume</subfield>
    <subfield code="b">nc</subfield>
    <subfield code="2">rdacarrier</subfield>
  </datafield>
  <datafield tag="490" ind1="1" ind2=" ">
    <subfield code="6">880-05</subfield>
    <subfield code="a">Manshūrāt Kullīyat al-‘Ulūm wa-al-Ādāb. Silsilat al-‘ulūm al-sharqīyah ;</subfield>
    <subfield code="v">al-ḥalaqah al-sādisah</subfield>
  </datafield>
  <datafield tag="504" ind1=" " ind2=" ">
    <subfield code="a">يتضمن مراجع ببليوغرافية وكشافات.</subfield>
  </datafield>
  <datafield tag="546" ind1=" " ind2=" ">
    <subfield code="a">النص بالعربية؛ مع مقدمة بالإنجليزية.</subfield>
  </datafield>
  <datafield tag="650" ind1=" " ind2="4">
    <subfield code="a">اليزيدية</subfield>
    <subfield code="x">عقائد.</subfield>
  </datafield>
  <datafield tag="650" ind1=" " ind2="4">
    <subfield code="a">اليزيدية</subfield>
    <subfield code="x">تاريخ.</subfield>
  </datafield>
  <datafield tag="650" ind1=" " ind2="4">
    <subfield code="a">اليزيدية</subfield>
    <subfield code="x">الحياة الاجتماعية والعادات.</subfield>
  </datafield>
  <datafield tag="650" ind1=" " ind2="0">
    <subfield code="a">Yezidis</subfield>
    <subfield code="x">Doctrines.</subfield>
  </datafield>
  <datafield tag="650" ind1=" " ind2="0">
    <subfield code="a">Yezidis</subfield>
    <subfield code="x">History.</subfield>
  </datafield>
  <datafield tag="650" ind1=" " ind2="0">
    <subfield code="a">Yezidis</subfield>
    <subfield code="x">Social life and customs.</subfield>
  </datafield>
  <datafield tag="700" ind1="1" ind2=" ">
    <subfield code="6">880-06</subfield>
    <subfield code="a">Zurayq, Qusṭanṭīn,</subfield>
    <subfield code="d">1909-</subfield>
    <subfield code="e">compiler.</subfield>
  </datafield>
  <datafield tag="762" ind1="0" ind2=" ">
    <subfield code="6">880-07</subfield>
    <subfield code="a">Silsilat al-‘ulūm al-sharqīyah</subfield>
  </datafield>
  <datafield tag="830" ind1=" " ind2="0">
    <subfield code="6">880-08</subfield>
    <subfield code="a">Publication of the Faculty of Arts and Sciences.</subfield>
    <subfield code="p">Oriental series ;</subfield>
    <subfield code="v">6.</subfield>
  </datafield>
  <datafield tag="852" ind1=" " ind2=" ">
    <subfield code="a">Jafet Library</subfield>
    <subfield code="e">American University of Beirut, Bliss Street , Beirut, Lebanon.</subfield>
  </datafield>
  <datafield tag="852" ind1=" " ind2=" ">
    <subfield code="a">Jafet Archives and Special Collections</subfield>
    <subfield code="e">American University of Beirut, Bliss Street , Beirut, Lebanon.</subfield>
  </datafield>
  <datafield tag="880" ind1="1" ind2=" ">
    <subfield code="6">100-01/(3/r</subfield>
    <subfield code="a">چول، اسماعيل،</subfield>
    <subfield code="d">-1933،</subfield>
    <subfield code="e">مؤلف. </subfield>
    <subfield code="4">aut.</subfield>
  </datafield>
  <datafield tag="880" ind1="1" ind2="3">
    <subfield code="6">245-02/(3/r</subfield>
    <subfield code="a">اليزيدية قديماً وحديثاً :</subfield>
    <subfield code="b">وهي ثلاثة فصول في معتقدات اليزيدية وعاداتهم وبعض حوادث تاريخهم وسيرة أحد أمرائهم المعاصرين /</subfield>
    <subfield code="c">لإسماعيل بك چول، أمير اليزيدية في سنجار ؛ عني بنشرها وإعداد حواشيها ووضع مقدمتها وفهارسها الدكتور قسطنطين زريق، أحد أساتذة التاريخ الشرقي في جامعة بيروت الأميركية.</subfield>
  </datafield>
  <datafield tag="880" ind1=" " ind2="1">
    <subfield code="6">264-03/(3/r</subfield>
    <subfield code="a">بيروت :</subfield>
    <subfield code="b">المطبعة الأميركانية،</subfield>
    <subfield code="c">1934.</subfield>
  </datafield>
  <datafield tag="880" ind1=" " ind2=" ">
    <subfield code="6">300-04/(3/r</subfield>
    <subfield code="a">ح-ت، 134 صفحة ؛</subfield>
    <subfield code="c">24 سم.</subfield>
  </datafield>
  <datafield tag="880" ind1="1" ind2=" ">
    <subfield code="6">490-05/(3/r</subfield>
    <subfield code="a">منشورات كلية العلوم والآداب. سلسلة العلوم الشرقية ؛</subfield>
    <subfield code="v">الحلقة السادسة</subfield>
  </datafield>
  <datafield tag="880" ind1="1" ind2=" ">
    <subfield code="6">700-06/(3/r</subfield>
    <subfield code="a">زريق، قسطنطين،</subfield>
    <subfield code="d">1909-</subfield>
    <subfield code="e">معد. </subfield>
    <subfield code="4">com.</subfield>
  </datafield>
  <datafield tag="880" ind1="0" ind2=" ">
    <subfield code="6">762-07/(3/r</subfield>
    <subfield code="a">سلسلة العلوم الشرقية</subfield>
  </datafield>
  <datafield tag="880" ind1=" " ind2="0">
    <subfield code="6">830-08/(3/r</subfield>
    <subfield code="a">منشورات كلية العلوم والآداب.</subfield>
    <subfield code="p">سلسلة العلوم الشرقية ؛</subfield>
    <subfield code="v">6.</subfield>
  </datafield>
  <datafield tag="907" ind1=" " ind2=" ">
    <subfield code="a">.b1237670x</subfield>
    <subfield code="b">17-12-01</subfield>
    <subfield code="c">11-05-24</subfield>
  </datafield>
  <datafield tag="907" ind1=" " ind2=" ">
    <subfield code="a">.b1237670x</subfield>
    <subfield code="b">15-10-15</subfield>
    <subfield code="c">11-05-24</subfield>
  </datafield>
  <datafield tag="945" ind1=" " ind2=" ">
    <subfield code="f">CA:AUB</subfield>
    <subfield code="a">299.157:J94yA:c.1</subfield>
    <subfield code="i">01068881</subfield>
    <subfield code="j">.i12831207</subfield>
    <subfield code="l">u0305</subfield>
  </datafield>
  <datafield tag="945" ind1=" " ind2=" ">
    <subfield code="f">CA:AUB</subfield>
    <subfield code="a">299.157:J94yA:c.2</subfield>
    <subfield code="i">00344004</subfield>
    <subfield code="j">.i12831219</subfield>
    <subfield code="l">u0305</subfield>
  </datafield>
  <datafield tag="945" ind1=" " ind2=" ">
    <subfield code="f">J</subfield>
    <subfield code="a">299.157:J94yA:c.1</subfield>
    <subfield code="i">00511204</subfield>
    <subfield code="j">.i12831189</subfield>
    <subfield code="l">u0503</subfield>
  </datafield>
  <datafield tag="945" ind1=" " ind2=" ">
    <subfield code="f">J</subfield>
    <subfield code="a">299.157:J94yA:c.2</subfield>
    <subfield code="i">01011992</subfield>
    <subfield code="j">.i12831190</subfield>
    <subfield code="l">u0503</subfield>
  </datafield>
  <datafield tag="998" ind1=" " ind2=" ">
    <subfield code="a">(2)u03</subfield>
    <subfield code="a">(2)u05</subfield>
    <subfield code="b">97-03-03</subfield>
    <subfield code="c">m</subfield>
    <subfield code="d">a</subfield>
    <subfield code="e">-</subfield>
    <subfield code="f">ara</subfield>
    <subfield code="g">le </subfield>
    <subfield code="h">0</subfield>
    <subfield code="i">4</subfield>
  </datafield>
</record>
</collection>
